@book{Goodfellow-et-al-2016,
    title={Deep Learning},
    author={Ian Goodfellow and Yoshua Bengio and Aaron Courville},
    publisher={MIT Press},
    year={2016},
    pages = {96-161, 362, 440-460}
}

@book{tinyml_book,
  title = {TinyML: Machine Learning with TensorFlow Lite on Arduino and Ultra-Low-Power Microcontrollers},
  author = {Daniel Situnayake and Pete Warden},
  publisher = {O'Reilly},
  year = {2019},
  pages = {127-354}
}

@book{tinyml_def,
  author = {Daniel Situnayake and Pete Warden},
  year = {2019},
  title = {TinyML: Machine Learning with TensorFlow Lite on Arduino and Ultra-Low-Power Microcontrollers},
  publisher = {O'Reilly},
  pages = {3}
}

@book{mitchell_ml,
    title = {Machine Learning}, 
    author = {Tom Mitchell}, 
    publisher = {McGraw Hill}, 
    year = {1997}
}

@online{tinyml_wheeler,
    author = {Andrew Wheeler},
    title = {How Engineers Are Using TinyML to Build Smarter Edge Devices},
    year = {2020},
    url = {https://new.engineering.com/story/how-engineers-are-using-tinyml-to-build-smarter-edge-devices}
}

@online{tinyml_eetimes,
    author = {Rick Merritt},
    title = {TinyML Sees Big Hopes for Small AI},
    year = {2019},
    url = {www.eetimes.com/tinyml-sees-big-hopes-for-small-ai}
}

@book{genetic_book_96,
    title = {Automated Design of Both the Topology and Sizing of Analog Electrical Circuits Using Genetic Programming},
    author = {Koza J.R. and Bennett F.H. and Andre D. and Keane M.A.},
    year = {1996},
    publisher = {Springer}
}

@article{DBLP:journals/corr/cs-AI-9605103,
  author    = {Leslie Pack Kaelbling and
               Michael L. Littman and
               Andrew W. Moore},
  title     = {Reinforcement Learning: {A} Survey},
  journal   = {CoRR},
  volume    = {cs.AI/9605103},
  year      = {1996},
  url       = {https://arxiv.org/abs/cs/9605103},
  timestamp = {Fri, 10 Jan 2020 12:58:17 +0100},
  biburl    = {https://dblp.org/rec/journals/corr/cs-AI-9605103.bib},
  bibsource = {dblp computer science bibliography, https://dblp.org}
}

@article{edge_privacy,
  author={F. {Rao} and E. {Bertino}},
  journal={Proceedings of the IEEE}, 
  title={Privacy Techniques for Edge Computing Systems}, 
  year={2019},
  volume={107},
  number={8},
  pages={1632-1654},
}

@online{statista_embedded_market,
    author = {statista.com},
    title = {Embedded computing market value worldwide 2018-2027},
    year = {2018},
    url = {www.statista.com/statistics/1058799/worldwide-embedded-computing-market-revenue}
}

@online{squeezent_paper,
  author = {Forrest N. Iandola and Song Han and Matthew W. Moskewicz and Khalid Ashraf and William J. Dally and Kurt Keutzer},
  year = {2017},
  title = {Squeezenet: Alexnet-level Accuracy with 50x Fewer Parameters and <0.5MB Model Size},
  url = {arxiv.org/pdf/1602.07360.pdf}
}

@online{facenetseminal_paper,
  author = {Florian Schroff and Dmitry Kalenichenk and James Philbin},
  year = {2015},
  title = {FaceNet: A Unified Embedding for Face Recognition and Clustering},
  url = {arxiv.org/pdf/1503.03832.pdf}
}

@online{facenetoxford_paper,
  author = {Omkar M. Parkhi, Andrea Vedaldi, Andrew Zisserman},
  year = {2015},
  title = {Deep Face Recognition},
  url = {www.robots.ox.ac.uk/~vgg/publications/2015/Parkhi15/parkhi15.pdf}
}

@online{tex_stack_ex,
    author = {Mark Wibrow},
    url = {https://tex.stackexchange.com/questions/153957/drawing-neural-network-with-tikz}
}

@online{tex_stack_conv,
    url = {https://tex.stackexchange.com/questions/437007/drawing-a-convolution-with-tikz}
}

@online{selenium_website,
  year = {2020},
  title = {Selenium Official Website},
  url = {www.selenium.dev}
}

@online{stm32_pic,
    year = {2020},
    title = {STM32F430G-EVAL Board Specifications},
    addendum = "(accessed: 05.06.2020)",
    url = {https://www.st.com/en/evaluation-tools/stm3240g-eval.html}
}

@online{stm32_cache,
    year = {2020},
    title = {STM32 Specifications},
    url = {https://www.st.com}
}

@online{lfwild_site,
  title = {Labelled Faces in the Wild Dataset},
  url = {http://vis-www.cs.umass.edu/lfw/},
}

@online{aligned_faces_site,
  year = {2020},
  title = {Aligned Faces Dataset},
  url = {http://www.cslab.openu.ac.il/download/wolftau/aligned_images_DB.tar.gz}
}

@online{pete_warden_gemm,
  year = {2015},
  author = {Pete Warden},
  title = {Why GEMM is at the heart of deep learning},
  url = {https://petewarden.com/2015/04/20/why-gemm-is-at-the-heart-of-deep-learning/}
}

@online{yt_faces_site,
  year = {2020},
  title = {YouTube Faces dataset},
  url = {https://www.cs.tau.ac.il/~wolf/ytfaces/}
}

@online{tflite_quantization,
  year = {2020},
  title = {TensorFlow Lite Quantization},
  url = {https://www.tensorflow.org/lite/performance/post_training_quantization}
}

@online{tflite_pruning,
  year = {2020},
  title = {TensorFlow Lite - Trimming insignificant weights},
  url = {https://www.tensorflow.org/model_optimization/guide/pruning}
}

@online{google_prot_buf,
  year = {2020},
  title = {Google Protocol Buffers},
  url = {https://developers.google.com/protocol-buffers/docs/faq}
}

@online{svm,
  year = {1995},
  title = {Support-Vector Networks},
  author = {Corinna Cortes and Vladimir Vapnik},
  url = {http://image.diku.dk/imagecanon/material/cortes_vapnik95.pdf}
}

@online{svm_pic,
  year = {2020},
  title = {SVM image from Wikipedia},
  url = {https://en.wikipedia.org/wiki/Support_vector_machine}
}

@online{tiny_darknet,
  year = {2020},
  title = {Tiny Darknet},
  url = {https://pjreddie.com/darknet/tiny-darknet/}
}

@article{viola_jones_1,
  year = {2001},
  title = {Robust Real-time Object Detection},
  url = {http://citeseerx.ist.psu.edu/viewdoc/summary?doi=10.1.1.110.4868}, 
  author = {Paul Viola , Michael Jones}
}

@article{lenet_1,
  year = {1989},
  title = {Backpropagation Applied to Handwritten Zip Code Recognition},
  author = {LeCun, Y. and Boser, B. and Denker, J. S. and Henderson, D.}
}

@article{vgg_paper,
  year = {2015},
  title = {Very Deep Convolutional Networks for Large-Scale Image Recognition},
  author = {Karen Simonyan and Andrew Zisserman},
  url = {https://arxiv.org/pdf/1409.1556.pdf}
}


@article{viola_jones_2,
  year = {2001},
  title = {Rapid object detection using a boosted cascade of simple features},
  url = {http://citeseerx.ist.psu.edu/viewdoc/summary?doi=10.1.1.10.6807}, 
  author = {Paul Viola , Michael Jones}
}

@article{HOG_humans,
  year = {2005},
  title = {Histograms of Oriented Gradients for Human Detection},
  url = {http://lear.inrialpes.fr/people/triggs/pubs/Dalal-cvpr05.pdf}, 
  author = {Navneet Dalal , Bill Triggs}
}

@book{memory_local,
    author = {William Stallings},
    year = {2010},
    title = {Computer organization and architecture : designing for performance},
    publisher = {Prentice Hall, NJ},
}

@book{computer_org_anddesign,
    author = {David A Patterson, John L Hennessy},
    year = {1993},
    title = {Computer Organization and Design: The Hardware/Software Interface},
}

@online{scikit_grid_search,
  year = {2020},
  title = {Grid Search},
  url = {https://scikit-learn.org/stable/modules/grid_search.html}
}

@article{activations,
  year = {2011},
  title = {Deep sparse rectifier neural networks},
  author = {Xavier Glorot and Antoine Bordes and Yoshua Bengio}
}

@online{activations_figure,
  title = {Activation functions figure},
  url = {https://en.wikipedia.org/wiki/Rectifier_(neural_networks)}
}

@article{gans_goodfellow,
  year = {2014},
  title = {Generative Adversarial Networks},
  journal = {Proceedings of the International Conference on Neural Information Processing Systems (NIPS 2014)},
  author = {Goodfellow, Ian and Pouget-Abadie, Jean and Mirza, Mehdi and Xu, Bing and Warde-Farley, David and Ozair, Sherjil and Courville, Aaron and Bengio, Yoshua}, 
  pages = {2672–2680}
}


@article{GAN_regression,
  year = {2018},
  title = {Intra-class Variation Isolation in Conditional GANs},
  author = {Richard T. Marriott and Sami Romdhani and Liming Chen}, 
  url = {https://arxiv.org/pdf/1811.11296.pdf}
}

@article{reinforcement_nn,
  year = {2002},
  title = {Efficient Reinforcement Learning through Evolving Neural Network Topologies},
  author = {Kenneth O. Stanley and Risto Miikkulainen}, 
  url = {http://www.cs.utexas.edu/~ai-lab/pubs/stanley.gecco02_1.pdf}
}

@book{haar_1910,
    author = {Haar, Alfréd},
    year = {1910},
    title = {Zur Theorie der orthogonalen Funktionensysteme},
}

@article{svc_paper,
  year = {2001},
  title = {Support vector clustering},
  author = {Ben-Hur, Asa and Horn, David and Siegelmann, Hava and Vapnik, Vladimir N.}
}

@online{classic_ml_quora,
  title = {The Importance of classical Machine Learning Algorithms},
  url = {https://www.quora.com/How-practically-relevant-are-classical-machine-learning-algorithms-like-SVMs-or-decision-trees-as-compared-to-deep-learning}
}

@book{pat_rec_springer,
    author = {Bishop, Christopher},
    year = {2006},
    title = {Pattern recognition and machine learning},
}

@online{netron,
  title = {Netron},
  url = {https://github.com/lutzroeder/netron}
}

